@online{Bayle2018,
  author = {Bayle, Y.},
  title = {Deep learning for music},
  year = {2018},
  url = {https://github.com/ybayle/awesome-deep-learning-music}
}

@article{Purwins2019,
  author = {Purwins, H. and Li, B. and Virtanen, T. and Schlüter, J. and Chang, S.-Y. and Sainath, T.},
  title = {Deep Learning for Audio Signal Processing},
  journal = {IEEE Journal of Selected Topics in Signal Processing},
  volume = {13},
  number = {2},
  pages = {206-219},
  year = {2019},
  doi = {10.1109/JSTSP.2019.2908700}
}

@online{IsophonicsReferenceAnnotations,
  title = {Reference Annotations},
  url = {http://isophonics.net/content/reference-annotations},
  urldate = {2024-02-06},
  note = {Accessed on: Feb. 6 2024}
}

@online{ReferenceAnnotationsBeatles,
  title        = {Reference Annotations: The Beatles},
  howpublished = {Online},
  year         = {2019},
  url          = {http://isophonics.net/content/reference-annotations-beatles},
  urldate      = {2024-02-05},
  note         = {Accessed on: Feb. 5, 2024}
}

@online{MillionSongDataset,
  author = {Bertin-Mahieux, Thierry and Ellis, Daniel P.W. and Whitman, Brian and Lamere, Paul},
  title = {The Million Song Dataset},
  url = {https://labrosa.ee.columbia.edu/millionsong/},
  urldate = {2024-02-05},
  note = {In Proceedings of the 12th International Society for Music Information Retrieval Conference (ISMIR 2011)},
  year = {2011}
}

@online{MagnaTagATune,
  title = {MagnaTagATune Dataset},
  url = {https://mirg.city.ac.uk/codeapps/the-magnatagatune-dataset},
  urldate = {2024-02-05}
}

@online{MTGJamendo,
  title = {MTG-Jamendo Dataset},
  url = {https://mtg.github.io/mtg-jamendo-dataset/},
  urldate = {2024-02-05}
}

@inproceedings{Smith2011,
  author = {Smith, J.O.},
  title = {Quadratic Interpolation of Spectral Peaks},
  booktitle = {Spectral Audio Signal Processing},
  year = {2011},
  howpublished = {\url{http://ccrma.stanford.edu/~jos/sasp/Quadratic_Interpolation_Spectral_Peaks.html}}
}

@inproceedings{bay2009evaluation,
  title={Evaluation of multiple-f0 estimation and tracking systems.},
  author={Bay, Mert and Ehmann, Andreas F and Downie, J Stephen},
  booktitle={ISMIR},
  pages={315--320},
  year={2009}
}

@article{tolonen2000computationally,
  title={A computationally efficient multipitch analysis model},
  author={Tolonen, Tero and Karjalainen, Matti},
  journal={IEEE transactions on speech and audio processing},
  volume={8},
  number={6},
  pages={708--716},
  year={2000},
  publisher={IEEE}
}

@inproceedings{klapuri2006multiple,
  title={Multiple fundamental frequency estimation by summing harmonic amplitudes.},
  author={Klapuri, Anssi},
  booktitle={ISMIR},
  pages={216--221},
  year={2006}
}

@inproceedings{barbedo2007high,
  title={High Time-Resolution Estimation of Multiple Fundamental Frequencies.},
  author={Barbedo, Jayme Garcia Arnal and Lopes, Amauri and Wolfe, Patrick J},
  booktitle={ISMIR},
  pages={399--402},
  year={2007}
}

@inproceedings{heittola2009musical,
  title={Musical instrument recognition in polyphonic audio using source-filter model for sound separation.},
  author={Heittola, Toni and Klapuri, Anssi and Virtanen, Tuomas},
  booktitle={ISMIR},
  pages={327--332},
  year={2009}
}

@inproceedings{bittner2017deep,
  title={Deep Salience Representations for F0 Estimation in Polyphonic Music.},
  author={Bittner, Rachel M and McFee, Brian and Salamon, Justin and Li, Peter and Bello, Juan Pablo},
  booktitle={ISMIR},
  pages={63--70},
  year={2017}
}

@inproceedings{won2020data,
  title={Data-driven harmonic filters for audio representation learning},
  author={Won, Minz and Chun, Sanghyuk and Nieto, Oriol and Serrc, Xavier},
  booktitle={ICASSP 2020-2020 IEEE International Conference on Acoustics, Speech and Signal Processing (ICASSP)},
  pages={536--540},
  year={2020},
  organization={IEEE}
}

@article{mariotte2024explainable,
  title={An Explainable Proxy Model for Multiabel Audio Segmentation},
  author={Mariotte, Th{\'e}o and Almud{\'e}var, Antonio and Tahon, Marie and Ortega, Alsonfo},
  journal={arXiv preprint arXiv:2401.08268},
  year={2024}
}

@inproceedings{gomez2012predominant,
  title={Predominant Fundamental Frequency Estimation vs Singing Voice Separation for the Automatic Transcription of Accompanied Flamenco Singing.},
  author={G{\'o}mez, Emilia and Canadas-Quesada, Francisco J and Salamon, Justin and Bonada, Jordi and Vera-Candeas, Pedro and Molero, Pablo Cabanas},
  booktitle={ISMIR},
  pages={601--606},
  year={2012}
}

@inproceedings{mauch2010approximate,
  title={Approximate Note Transcription for the Improved Identification of Difficult Chords.},
  author={Mauch, Matthias and Dixon, Simon},
  booktitle={ISMIR},
  pages={135--140},
  year={2010}
}

@article{jacoby2015information,
  title={An information theoretic approach to chord categorization and functional harmony},
  author={Jacoby, Nori and Tishby, Naftali and Tymoczko, Dmitri},
  journal={Journal of New Music Research},
  volume={44},
  number={3},
  pages={219--244},
  year={2015},
  publisher={Taylor \& Francis}
}

@inproceedings{de2011harmtrace,
  title={Harmtrace: Improving harmonic similarity estimation using functional harmony analysis},
  author={De Haas, W Bas and Rodrigues Magalh{\~a}es, JP and Veltkamp, Remco C and Wiering, Frans and others},
  booktitle={Proceedings of the 12th International Conference on Music Information Retrieval (ISMIR)},
  year={2011}
}

@article{magalhaes2011functional,
  title={Functional modelling of musical harmony: an experience report},
  author={Magalhaes, Jos{\'e} Pedro and de Haas, W Bas},
  journal={ACM SIGPLAN Notices},
  volume={46},
  number={9},
  pages={156--162},
  year={2011},
  publisher={ACM New York, NY, USA}
}

@misc{parekh2022listen,
      title={Listen to Interpret: Post-hoc Interpretability for Audio Networks with NMF}, 
      author={Jayneel Parekh and Sanjeel Parekh and Pavlo Mozharovskyi and Florence d'Alché-Buc and Gaël Richard},
      year={2022},
      eprint={2202.11479},
      archivePrefix={arXiv},
      primaryClass={cs.SD}
}

@misc{rouard2022hybrid,
      title={Hybrid Transformers for Music Source Separation}, 
      author={Simon Rouard and Francisco Massa and Alexandre Défossez},
      year={2022},
      eprint={2211.08553},
      archivePrefix={arXiv},
      primaryClass={eess.AS}
}

@ARTICLE{1021072,
  author={Tzanetakis, G. and Cook, P.},
  journal={IEEE Transactions on Speech and Audio Processing}, 
  title={Musical genre classification of audio signals}, 
  year={2002},
  volume={10},
  number={5},
  pages={293-302},
  keywords={Humans;Music information retrieval;Instruments;Computer science;Multiple signal classification;Signal analysis;Pattern recognition;Feature extraction;Wavelet analysis;Cultural differences},
  doi={10.1109/TSA.2002.800560}
}

@article{doi:10.1198/016214501753168082,
    author = {Rafael A Irizarry},
    title = {Local Harmonic Estimation in Musical Sound Signals},
    journal = {Journal of the American Statistical Association},
    volume = {96},
    number = {454},
    pages = {357-367},
    year = {2001},
    publisher = {Taylor & Francis},
    doi = {10.1198/016214501753168082},
    URL = {https://doi.org/10.1198/016214501753168082},
    eprint = {https://doi.org/10.1198/016214501753168082}
}

@book{gutierrez2006tonal,
  title={Tonal description of music audio signals},
  author={Gutierrez, Emilia Gomez and others},
  year={2006},
  publisher={Citeseer}
}

@ARTICLE{1145710,
  author={Gribonval, R. and Bacry, E.},
  journal={IEEE Transactions on Signal Processing}, 
  title={Harmonic decomposition of audio signals with matching pursuit}, 
  year={2003},
  volume={51},
  number={1},
  pages={101-111},
  keywords={Matching pursuit algorithms;Dictionaries;Frequency;Harmonic analysis;Signal analysis;Pursuit algorithms;Detection algorithms;Fourier transforms;Computational complexity;Audio recording},
  doi={10.1109/TSP.2002.806592}}

